@article{10.1109/MC.2009.263,
  author = {Y. {Koren} and R. {Bell} and C. {Volinsky}},
  journal = {Computer}, 
  title = {Matrix Factorization Techniques for Recommender Systems}, 
  year = {2009},
  volume = {42},
  number = {8},
  pages = {30-37},
  doi = {10.1109/MC.2009.263}
}

@inproceedings{10.1145/1401890.1401944,
  author = {Koren, Yehuda},
  title = {Factorization Meets the Neighborhood: A Multifaceted Collaborative Filtering Model},
  year = {2008},
  isbn = {9781605581934},
  publisher = {Association for Computing Machinery},
  pages = {426–434},
  series = {KDD '08},
  doi = {10.1145/1401890.1401944}
}

@article{ImprovingSVD,
  author = {Paterek, Arkadiusz},
  year = {2007},
  title = {Improving regularized singular value decomposition for collaborative filtering},
  journal = {Proceedings of KDD Cup and Workshop}
}

@article{10.1145/1345448.1345466,
  author = {Tak\'{a}cs, G\'{a}bor and Pil\'{a}szy, Istv\'{a}n and N\'{e}meth, Botty\'{a}n and Tikk, Domonkos},
  title = {Major Components of the Gravity Recommendation System},
  year = {2007},
  publisher = {Association for Computing Machinery},
  volume = {9},
  number = {2},
  issn = {1931-0145},
  journal = {SIGKDD Explor. Newsl.},
  pages = {80–83},
  doi = {10.1145/1345448.1345466}
}

@inproceedings{10.1109/ICDM.2010.127,
  author = {Rendle, Steffen},
  title = {Factorization Machines},
  year = {2010},
  month = {12},
  pages = {995-1000},
  doi = {10.1109/ICDM.2010.127}
}

@inproceedings{Diversity,
  author = {Ferrari Dacrema, Maurizio},
  year = {2021},
  month = {03},
  title = {Demonstrating the Equivalence of List Based and Aggregate Metrics to Measure the Diversity of Recommendations (Student Abstract)}
}

@article{10.1002/env.3170050203,
  author = {Paatero, Pentti and Tapper, Unto},
  title = {Positive matrix factorization: A non-negative factor model with optimal utilization of error estimates of data values},
  journal = {Environmetrics},
  volume = {5},
  number = {2},
  pages = {111-126},
  doi = {https://doi.org/10.1002/env.3170050203},
  year = {1994}
}

@article{10.1038/44565,
  author={Lee, Daniel D. and Seung, H. Sebastian},
  title={Learning the parts of objects by non-negative matrix factorization},
  journal={Nature},
  year={1999},
  month={Oct},
  volume={401},
  number={6755},
  pages={788-791},
  issn={1476-4687},
  doi={10.1038/44565}
}